<record><leader>00000cas a22000007a 4500</leader><controlfield tag="001">12789318</controlfield><controlfield tag="008">851113d19621980wvuwr ne      0    0eng d</controlfield><datafield ind1=" " ind2=" " tag="010"><subfield code="a">sn 85059657 </subfield></datafield><datafield ind1=" " ind2=" " tag="040"><subfield code="a">WVC</subfield><subfield code="b">eng</subfield><subfield code="c">WVC</subfield><subfield code="d">OCL</subfield><subfield code="d">OCLCQ</subfield></datafield><datafield ind1=" " ind2=" " tag="042"><subfield code="a">msc</subfield></datafield><datafield ind1="0" ind2="0" tag="245"><subfield code="a">White Sulphur Springs star.</subfield></datafield><datafield ind1=" " ind2=" " tag="260"><subfield code="a">White Sulphur Springs, W. Va. :</subfield><subfield code="b">SPA City Publ. Co.</subfield></datafield><datafield ind1=" " ind2=" " tag="300"><subfield code="a">v.</subfield></datafield><datafield ind1=" " ind2=" " tag="310"><subfield code="a">Weekly</subfield></datafield><datafield ind1="1" ind2=" " tag="362"><subfield code="a">Began in 1962; ceased Apr. 1980.</subfield></datafield><datafield ind1=" " ind2=" " tag="580"><subfield code="a">Absorbed the: White Sulphur sentinel, in Nov. 1968.</subfield></datafield><datafield ind1=" " ind2=" " tag="588"><subfield code="a">Description based on: Vol. 3, no. 11 (Sept. 3, 1964).</subfield></datafield><datafield ind1=" " ind2=" " tag="752"><subfield code="a">United States</subfield><subfield code="b">West Virginia</subfield><subfield code="c">Greenbrier</subfield><subfield code="d">White Sulphur Springs.</subfield></datafield><datafield ind1="1" ind2="5" tag="780"><subfield code="t">White Sulphur sentinel</subfield><subfield code="w">(DLC)Lsn85059656</subfield></datafield><datafield ind1="0" ind2="7" tag="785"><subfield code="t">Greenbrier independent</subfield><subfield code="w">(DLC)sn 84037217</subfield></datafield><datafield ind1="0" ind2="7" tag="785"><subfield code="t">White Sulphur Springs star and the Greenbrier independent</subfield><subfield code="w">(DLC)sn 85059658</subfield></datafield></record>